<?xml version="1.0" encoding="UTF-8"?>
<Document xmlns="urn:iso:std:iso:20022:tech:xsd:camt.054.001.04" xmlns:xsi="http://www.w3.org/2001/XMLSchema-instance" xsi:schemaLocation="urn:iso:std:iso:20022:tech:xsd:camt.054.001.04 camt.054.001.04.xsd"><BkToCstmrDbtCdtNtfctn><GrpHdr><MsgId>20171013375204002904583</MsgId><CreDtTm>2017-10-13T13:27:54</CreDtTm><MsgPgntn><PgNb>1</PgNb><LastPgInd>true</LastPgInd></MsgPgntn><AddtlInf>Reconstruction</AddtlInf></GrpHdr><Ntfctn><Id>20171013375204002904582</Id><CreDtTm>2017-10-13T13:27:54</CreDtTm><FrToDt><FrDtTm>2017-10-10T00:00:00</FrDtTm><ToDtTm>2017-10-10T23:59:59</ToDtTm></FrToDt><CpyDplctInd>DUPL</CpyDplctInd><Acct><Id><IBAN>CH8809000000300351884</IBAN></Id><Ownr><Nm>Pro Gravur AG Bern</Nm></Ownr></Acct><Ntry><NtryRef>010682257</NtryRef><Amt Ccy="CHF">1647.65</Amt><CdtDbtInd>CRDT</CdtDbtInd><RvslInd>false</RvslInd><Sts>BOOK</Sts><BookgDt><Dt>2017-10-10</Dt></BookgDt><ValDt><Dt>2017-10-11</Dt></ValDt><AcctSvcrRef>20171011007602797873062000000012</AcctSvcrRef><BkTxCd><Domn><Cd>PMNT</Cd><Fmly><Cd>RCDT</Cd><SubFmlyCd>VCOM</SubFmlyCd></Fmly></Domn></BkTxCd><NtryDtls><Btch><NbOfTxs>8</NbOfTxs></Btch><TxDtls><Refs><AcctSvcrRef>171010CH028VZS9R</AcctSvcrRef><Prtry><Tp>01</Tp><Ref>171010CH028VZS9R</Ref></Prtry></Refs><Amt Ccy="CHF">165.25</Amt><CdtDbtInd>CRDT</CdtDbtInd><BkTxCd><Domn><Cd>PMNT</Cd><Fmly><Cd>RCDT</Cd><SubFmlyCd>AUTT</SubFmlyCd></Fmly></Domn></BkTxCd><RltdPties><Dbtr><Nm>Bücheler Werbegeschenke AG</Nm><PstlAdr><StrtNm>Geissweidstrasse</StrtNm><BldgNb>4</BldgNb><PstCd>8912</PstCd><TwnNm>Obfelden</TwnNm><Ctry>CH</Ctry></PstlAdr></Dbtr><DbtrAcct><Id><IBAN>CH0209000000800500758</IBAN></Id></DbtrAcct></RltdPties><RltdAgts><DbtrAgt><FinInstnId><BICFI>POFICHBEXXX</BICFI><Nm>POSTFINANCE AG</Nm><PstlAdr><AdrLine>MINGERSTRASSE 20</AdrLine><AdrLine>3030 BERNE</AdrLine></PstlAdr></FinInstnId></DbtrAgt></RltdAgts><RmtInf><Strd><CdtrRefInf><Tp><CdOrPrtry><Prtry>ISR Reference</Prtry></CdOrPrtry></Tp><Ref>000000000000000000000625202</Ref></CdtrRefInf><AddtlRmtInf>?REJECT?0</AddtlRmtInf></Strd></RmtInf><RltdDts><AccptncDtTm>2017-10-10T20:00:00</AccptncDtTm></RltdDts></TxDtls><TxDtls><Refs><AcctSvcrRef>171010CH028VZSIZ</AcctSvcrRef><Prtry><Tp>01</Tp><Ref>171010CH028VZSIZ</Ref></Prtry></Refs><Amt Ccy="CHF">133.90</Amt><CdtDbtInd>CRDT</CdtDbtInd><BkTxCd><Domn><Cd>PMNT</Cd><Fmly><Cd>RCDT</Cd><SubFmlyCd>AUTT</SubFmlyCd></Fmly></Domn></BkTxCd><RltdPties><Dbtr><Nm>Bücheler Werbegeschenke AG</Nm><PstlAdr><StrtNm>Geissweidstrasse</StrtNm><BldgNb>4</BldgNb><PstCd>8912</PstCd><TwnNm>Obfelden</TwnNm><Ctry>CH</Ctry></PstlAdr></Dbtr><DbtrAcct><Id><IBAN>CH0209000000800500758</IBAN></Id></DbtrAcct></RltdPties><RltdAgts><DbtrAgt><FinInstnId><BICFI>POFICHBEXXX</BICFI><Nm>POSTFINANCE AG</Nm><PstlAdr><AdrLine>MINGERSTRASSE 20</AdrLine><AdrLine>3030 BERNE</AdrLine></PstlAdr></FinInstnId></DbtrAgt></RltdAgts><RmtInf><Strd><CdtrRefInf><Tp><CdOrPrtry><Prtry>ISR Reference</Prtry></CdOrPrtry></Tp><Ref>000000000000000000000625197</Ref></CdtrRefInf><AddtlRmtInf>?REJECT?0</AddtlRmtInf></Strd></RmtInf><RltdDts><AccptncDtTm>2017-10-10T20:00:00</AccptncDtTm></RltdDts></TxDtls><TxDtls><Refs><AcctSvcrRef>171010CH028W8A3F</AcctSvcrRef><EndToEndId>NOTPROVIDED</EndToEndId><Prtry><Tp>01</Tp><Ref>171010CH028W8A3F</Ref></Prtry></Refs><Amt Ccy="CHF">131.75</Amt><CdtDbtInd>CRDT</CdtDbtInd><BkTxCd><Domn><Cd>PMNT</Cd><Fmly><Cd>RCDT</Cd><SubFmlyCd>ATXN</SubFmlyCd></Fmly></Domn></BkTxCd><RltdPties><Dbtr><Nm>Fondation Foyers-Ateliers St-Hubert</Nm><PstlAdr><AdrLine>Chemin Saint-Hubert 5</AdrLine><AdrLine>1950 Sion</AdrLine></PstlAdr></Dbtr><DbtrAcct><Id><IBAN>CH9300765000S01681470</IBAN></Id></DbtrAcct></RltdPties><RltdAgts><DbtrAgt><FinInstnId><ClrSysMmbId><MmbId>765</MmbId></ClrSysMmbId><Nm>Banque Cantonale du Valais</Nm><PstlAdr><AdrLine>Place des Cèdres 8</AdrLine><AdrLine>1951 Sion/Sitten</AdrLine></PstlAdr></FinInstnId></DbtrAgt></RltdAgts><RmtInf><Strd><CdtrRefInf><Tp><CdOrPrtry><Prtry>ISR Reference</Prtry></CdOrPrtry></Tp><Ref>000000000000000000000628815</Ref></CdtrRefInf><AddtlRmtInf>?REJECT?0</AddtlRmtInf></Strd></RmtInf><RltdDts><AccptncDtTm>2017-10-10T20:00:00</AccptncDtTm></RltdDts></TxDtls><TxDtls><Refs><AcctSvcrRef>171010CH028W85F7</AcctSvcrRef><EndToEndId>NOTPROVIDED</EndToEndId><Prtry><Tp>01</Tp><Ref>171010CH028W85F7</Ref></Prtry></Refs><Amt Ccy="CHF">100.45</Amt><CdtDbtInd>CRDT</CdtDbtInd><BkTxCd><Domn><Cd>PMNT</Cd><Fmly><Cd>RCDT</Cd><SubFmlyCd>ATXN</SubFmlyCd></Fmly></Domn></BkTxCd><RltdPties><Dbtr><Nm>Fondation Foyers-Ateliers St-Hubert</Nm><PstlAdr><AdrLine>Chemin Saint-Hubert 5</AdrLine><AdrLine>1950 Sion</AdrLine></PstlAdr></Dbtr><DbtrAcct><Id><IBAN>CH9300765000S01681470</IBAN></Id></DbtrAcct></RltdPties><RltdAgts><DbtrAgt><FinInstnId><ClrSysMmbId><MmbId>765</MmbId></ClrSysMmbId><Nm>Banque Cantonale du Valais</Nm><PstlAdr><AdrLine>Place des Cèdres 8</AdrLine><AdrLine>1951 Sion/Sitten</AdrLine></PstlAdr></FinInstnId></DbtrAgt></RltdAgts><RmtInf><Strd><CdtrRefInf><Tp><CdOrPrtry><Prtry>ISR Reference</Prtry></CdOrPrtry></Tp><Ref>000000000000000000000630173</Ref></CdtrRefInf><AddtlRmtInf>?REJECT?0</AddtlRmtInf></Strd></RmtInf><RltdDts><AccptncDtTm>2017-10-10T20:00:00</AccptncDtTm></RltdDts></TxDtls><TxDtls><Refs><AcctSvcrRef>171010CH028W88LD</AcctSvcrRef><EndToEndId>NOTPROVIDED</EndToEndId><Prtry><Tp>01</Tp><Ref>171010CH028W88LD</Ref></Prtry></Refs><Amt Ccy="CHF">131.75</Amt><CdtDbtInd>CRDT</CdtDbtInd><BkTxCd><Domn><Cd>PMNT</Cd><Fmly><Cd>RCDT</Cd><SubFmlyCd>ATXN</SubFmlyCd></Fmly></Domn></BkTxCd><RltdPties><Dbtr><Nm>Fondation Foyers-Ateliers St-Hubert</Nm><PstlAdr><AdrLine>Chemin Saint-Hubert 5</AdrLine><AdrLine>1950 Sion</AdrLine></PstlAdr></Dbtr><DbtrAcct><Id><IBAN>CH9300765000S01681470</IBAN></Id></DbtrAcct></RltdPties><RltdAgts><DbtrAgt><FinInstnId><ClrSysMmbId><MmbId>765</MmbId></ClrSysMmbId><Nm>Banque Cantonale du Valais</Nm><PstlAdr><AdrLine>Place des Cèdres 8</AdrLine><AdrLine>1951 Sion/Sitten</AdrLine></PstlAdr></FinInstnId></DbtrAgt></RltdAgts><RmtInf><Strd><CdtrRefInf><Tp><CdOrPrtry><Prtry>ISR Reference</Prtry></CdOrPrtry></Tp><Ref>000000000000000000000630168</Ref></CdtrRefInf><AddtlRmtInf>?REJECT?0</AddtlRmtInf></Strd></RmtInf><RltdDts><AccptncDtTm>2017-10-10T20:00:00</AccptncDtTm></RltdDts></TxDtls><TxDtls><Refs><AcctSvcrRef>171010CH028YZZFJ</AcctSvcrRef><Prtry><Tp>01</Tp><Ref>20171010001222001600246</Ref></Prtry></Refs><Amt Ccy="CHF">208.45</Amt><CdtDbtInd>CRDT</CdtDbtInd><BkTxCd><Domn><Cd>PMNT</Cd><Fmly><Cd>RCDT</Cd><SubFmlyCd>DMCT</SubFmlyCd></Fmly></Domn></BkTxCd><RltdPties><Dbtr><Nm>Rill &amp; Stanz Atelier Bern</Nm><PstlAdr><StrtNm>Drosselweg</StrtNm><BldgNb>17</BldgNb><PstCd>3012</PstCd><TwnNm>Bern</TwnNm><Ctry>CH</Ctry></PstlAdr></Dbtr><DbtrAcct><Id><IBAN>CH9109000000300030566</IBAN></Id></DbtrAcct></RltdPties><RltdAgts><DbtrAgt><FinInstnId><BICFI>POFICHBEXXX</BICFI><Nm>POSTFINANCE AG</Nm><PstlAdr><AdrLine>MINGERSTRASSE 20</AdrLine><AdrLine>3030 BERNE</AdrLine></PstlAdr></FinInstnId></DbtrAgt></RltdAgts><RmtInf><Strd><CdtrRefInf><Tp><CdOrPrtry><Prtry>ISR Reference</Prtry></CdOrPrtry></Tp><Ref>000000000000000000000629373</Ref></CdtrRefInf><AddtlRmtInf>?REJECT?0</AddtlRmtInf></Strd></RmtInf><RltdDts><AccptncDtTm>2017-10-10T20:00:00</AccptncDtTm></RltdDts></TxDtls><TxDtls><Refs><AcctSvcrRef>171010CH028YZZFE</AcctSvcrRef><Prtry><Tp>01</Tp><Ref>20171010001222001600245</Ref></Prtry></Refs><Amt Ccy="CHF">364.60</Amt><CdtDbtInd>CRDT</CdtDbtInd><BkTxCd><Domn><Cd>PMNT</Cd><Fmly><Cd>RCDT</Cd><SubFmlyCd>DMCT</SubFmlyCd></Fmly></Domn></BkTxCd><RltdPties><Dbtr><Nm>Rill &amp; Stanz Atelier Bern</Nm><PstlAdr><StrtNm>Drosselweg</StrtNm><BldgNb>17</BldgNb><PstCd>3012</PstCd><TwnNm>Bern</TwnNm><Ctry>CH</Ctry></PstlAdr></Dbtr><DbtrAcct><Id><IBAN>CH9109000000300030566</IBAN></Id></DbtrAcct></RltdPties><RltdAgts><DbtrAgt><FinInstnId><BICFI>POFICHBEXXX</BICFI><Nm>POSTFINANCE AG</Nm><PstlAdr><AdrLine>MINGERSTRASSE 20</AdrLine><AdrLine>3030 BERNE</AdrLine></PstlAdr></FinInstnId></DbtrAgt></RltdAgts><RmtInf><Strd><CdtrRefInf><Tp><CdOrPrtry><Prtry>ISR Reference</Prtry></CdOrPrtry></Tp><Ref>000000000000000000000629389</Ref></CdtrRefInf><AddtlRmtInf>?REJECT?0</AddtlRmtInf></Strd></RmtInf><RltdDts><AccptncDtTm>2017-10-10T20:00:00</AccptncDtTm></RltdDts></TxDtls><TxDtls><Refs><AcctSvcrRef>171010CH028WV9AV</AcctSvcrRef><EndToEndId>NOTPROVIDED</EndToEndId><Prtry><Tp>01</Tp><Ref>171010CH028WV9AV</Ref></Prtry></Refs><Amt Ccy="CHF">411.50</Amt><CdtDbtInd>CRDT</CdtDbtInd><BkTxCd><Domn><Cd>PMNT</Cd><Fmly><Cd>RCDT</Cd><SubFmlyCd>ATXN</SubFmlyCd></Fmly></Domn></BkTxCd><RltdPties><Dbtr><Nm>NOTPROVIDED</Nm></Dbtr></RltdPties><RltdAgts><DbtrAgt><FinInstnId><ClrSysMmbId><MmbId>287</MmbId></ClrSysMmbId><Nm>UBS Switzerland AG</Nm><PstlAdr><AdrLine>Schwertstrasse 2</AdrLine><AdrLine>8201 Schaffhausen</AdrLine></PstlAdr></FinInstnId></DbtrAgt></RltdAgts><RmtInf><Strd><CdtrRefInf><Tp><CdOrPrtry><Prtry>ISR Reference</Prtry></CdOrPrtry></Tp><Ref>000000000000000000000628434</Ref></CdtrRefInf><AddtlRmtInf>?REJECT?0</AddtlRmtInf></Strd></RmtInf><RltdDts><AccptncDtTm>2017-10-10T20:00:00</AccptncDtTm></RltdDts></TxDtls></NtryDtls><AddtlNtryInf>SAMMELGUTSCHRIFT ESR                    VERARBEITUNG VOM 10.10.2017             KUNDENNUMMER 01-68225-7                 PAKET ID: 171010CH00000279</AddtlNtryInf></Ntry></Ntfctn></BkToCstmrDbtCdtNtfctn></Document>
